@inproceedings{gray2008dsls,
  title={DSLs: the good, the bad, and the ugly},
  author={Gray, Jeff and Fisher, Kathleen and Consel, Charles and Karsai, Gabor and Mernik, Marjan and Tolvanen, Juha-Pekka},
  booktitle={Companion to the 23rd ACM SIGPLAN conference on Object-oriented programming systems languages and applications},
  pages={791--794},
  year={2008}
}

@article{evgrafovanalysis,
  title={Analysis of Domain Specific Languages for GUI testing: RSpec and Cucumber for Sikuli},
  author={Evgrafov, Ivan and Hocke, Raimund and Smirnova, Elena V}
}

@article{zdun2010dsl,
  title={A DSL toolkit for deferring architectural decisions in DSL-based software design},
  author={Zdun, Uwe},
  journal={Information and Software Technology},
  volume={52},
  number={7},
  pages={733--748},
  year={2010},
  publisher={Elsevier}
}

@article{van2000domain,
  title={Domain-specific languages: An annotated bibliography},
  author={Van Deursen, Arie and Klint, Paul and Visser, Joost},
  journal={ACM Sigplan Notices},
  volume={35},
  number={6},
  pages={26--36},
  year={2000},
  publisher={ACM New York, NY, USA}
}

@article{mernik2005and,
  title={When and how to develop domain-specific languages},
  author={Mernik, Marjan and Heering, Jan and Sloane, Anthony M},
  journal={ACM computing surveys (CSUR)},
  volume={37},
  number={4},
  pages={316--344},
  year={2005},
  publisher={ACM New York, NY, USA}
}

@misc{eriksson2015depth,
  title={An in-depth analysis of dynamically rendered vector-based maps with WebGL using Mapbox GL JS},
  author={Eriksson, Oskar and Rydkvist, Emil},
  year={2015}
}

@article{considine2019kotlin,
  title={Kotlingrad: A shape-safe DSL for differentiable programming},
  author={Considine, Breandan and Famelis, Michalis and Paull, Liam},
  year={2019}
}

@incollection{panek2020online,
  title={Online Visualisation},
  author={P{\'a}nek, Ji{\v{r}}{\'\i} and Burian, Jaroslav},
  booktitle={Spationomy},
  pages={221--231},
  year={2020},
  publisher={Springer}
}

@inproceedings{vierhauser2015developing,
  title={Developing a dsl-based approach for event-based monitoring of systems of systems: Experiences and lessons learned (e)},
  author={Vierhauser, Michael and Rabiser, Rick and Gr{\"u}nbacher, Paul and Egyed, Alexander},
  booktitle={2015 30th IEEE/ACM International Conference on Automated Software Engineering (ASE)},
  pages={715--725},
  year={2015},
  organization={IEEE}
}


-

@book{fowler2010domain,
  title={Domain-specific languages},
  author={Fowler, Martin},
  year={2010},
  publisher={Pearson Education},
  pages = {9,10},
}

@article{10.1145/1118890.1118892,
author = {Mernik, Marjan and Heering, Jan and Sloane, Anthony M.},
title = {When and How to Develop Domain-Specific Languages},
year = {2005},
issue_date = {December 2005},
publisher = {Association for Computing Machinery},
address = {New York, NY, USA},
volume = {37},
number = {4},
issn = {0360-0300},
url = {https://doi.org/10.1145/1118890.1118892},
doi = {10.1145/1118890.1118892},
journal = {ACM Comput. Surv.},
month = dec,
pages = {316–344},
numpages = {29},
keywords = {language development system, domain analysis, application language, Domain-specific language}
}
  
@misc{eriksson2015depth,
  title={An in-depth analysis of dynamically rendered vector-based maps with WebGL using Mapbox GL JS},
  author={Eriksson, Oskar and Rydkvist, Emil},
  year={2015}

}

@article{cadenas2014geovisualization,
  title={Geovisualization: Integration and Visualization of Multiple Datasets Using Mapbox},
  author={Cadenas, Cecilia},
  year={2014}
}

@online{mapbox2020style,
  author = {Mapbox, Inc.},
  title = {{Mapbox GL JS} Style Specification},
  year = 2020,
  url = {https://docs.mapbox.com/mapbox-gl-js/style-spec/},
  urldate = {2010-09-30}
}

@article{dixson2020geojson,
  title={GeoJSON Data Curation Primer},
  author={Dixson, Nadia and Milliken, Genevieve and Mukunda, Keshav and Murray, Reina and Starry, Rachel},
  year={2020},
  publisher={Data Curation Network}
}

@article{aram2015multilayered,
  title={Multilayered analysis of co-development of business information systems},
  author={Aram, Michael and Neumann, Gustaf},
  journal={Journal of Internet Services and Applications},
  volume={6},
  number={1},
  pages={13},
  year={2015}
}

@article{dunn2017custom,
  title={Custom Basemaps with Mapbox Studio},
  author={Dunn, Austin and Hanson, Bailey A and Seeger, Christopher J},
  year={2017},
  publisher={Iowa State University Extension and Outreach}
}

@incollection{kuhn2015designing,
  title={Designing a language for spatial computing},
  author={Kuhn, Werner and Ballatore, Andrea},
  booktitle={AGILE 2015},
  pages={309--326},
  year={2015},
  publisher={Springer}
}

@inproceedings{alvarado2019dsl,
author = {Alvarado, Suilen and Cortiñas, Alejandro and Luaces, Miguel and Pedreira, Oscar and Saavedra Places, Ángeles},
year = {2019},
month = {01},
pages = {462-469},
title = {A Domain Specific Language for Web-based GIS},
doi = {10.5220/0008559104620469}
}

@inproceedings{zhang2014gis, author={M. {Zhang} and P. {Yue} and X. {Guo}}, booktitle={2014 The Third International Conference on Agro-Geoinformatics}, title={GIScript: Towards an interoperable geospatial scripting language for GIS programming}, year={2014}, volume={}, number={}, pages={1-5},} 
@inproceedings{pezoa2016json,
author = {Pezoa, Felipe and Reutter, Juan L. and Suarez, Fernando and Ugarte, Mart\'{\i}n and Vrgo\v{c}, Domagoj},
title = {Foundations of JSON Schema},
year = {2016},
isbn = {9781450341431},
publisher = {International World Wide Web Conferences Steering Committee},
address = {Republic and Canton of Geneva, CHE},
url = {https://doi.org/10.1145/2872427.2883029},
doi = {10.1145/2872427.2883029},
booktitle = {Proceedings of the 25th International Conference on World Wide Web},
pages = {263–273},
numpages = {11},
keywords = {expressiveness of schema languages, JSON, JSON validation, JSON schema},
location = {Montr\'{e}al, Qu\'{e}bec, Canada},
series = {WWW ’16}
}
  
  
@inproceedings{james2011designing,
  title={Designing Domain Specific Languages for Verification: First Steps.},
  author={James, Phillip and Roggenbach, Markus},
  booktitle={ATE},
  pages={40--45},
  year={2011}
}

@inproceedings{klint2009easy,
  title={EASY Meta-programming with Rascal},
  author={Klint, Paul and Van Der Storm, Tijs and Vinju, Jurgen},
  booktitle={International Summer School on Generative and Transformational Techniques in Software Engineering},
  pages={222--289},
  year={2009},
  organization={Springer}
}

@article{voelter2019lessons,
  title={Lessons learned from developing mbeddr: a case study in language engineering with MPS},
  author={Voelter, Markus and Kolb, Bernd and Szab{\'o}, Tam{\'a}s and Ratiu, Daniel and van Deursen, Arie},
  journal={Software \& Systems Modeling},
  volume={18},
  number={1},
  pages={585--630},
  year={2019},
  publisher={Springer}
}

@INPROCEEDINGS{685738,  author={P. {Hudak}},  booktitle={Proceedings. Fifth International Conference on Software Reuse (Cat. No.98TB100203)},  title={Modular domain specific languages and tools},   year={1998},  volume={},  number={},  pages={134-142},}
